<?xml version="1.0" encoding="UTF-8"?><collection xmlns="http://www.loc.gov/MARC21/slim"><record><leader>00379nam--2200133-i-4500</leader><controlfield tag="001">000000028</controlfield><controlfield tag="002">20161230</controlfield><controlfield tag="005">20161230201023</controlfield><controlfield tag="008">060222s1000------------r-----000-0-eng-d</controlfield><datafield ind1=" " ind2=" " tag="100"><subfield code="a">Shang-keng, Ma</subfield></datafield><datafield ind1=" " ind2=" " tag="245"><subfield code="a">Modern theory of critical phenomena</subfield></datafield><datafield ind1=" " ind2=" " tag="260"><subfield code="a">London, W.A.Benjamin, Incorporation</subfield></datafield><datafield ind1=" " ind2=" " tag="490"><subfield code="a">Frontiers In Physics : A Lecture Note And Reprint Series</subfield></datafield><datafield ind1=" " ind2=" " tag="852"><subfield code="a">77604</subfield></datafield></record></collection>